<?xml version="1.0" encoding="UTF-8"?>
<record xmlns="http://www.loc.gov/MARC21/slim" xmlns:xsi="http://www.w3.org/2001/XMLSchema-instance" xsi:schemaLocation="http://www.loc.gov/MARC21/slim http://www.loc.gov/standards/marcxml/schema/MARC21slim.xsd">
<leader>00000cam a22      i 4500</leader>
<controlfield tag="001">001496932</controlfield>
<controlfield tag="003">NNU</controlfield>
<controlfield tag="005">20160304180105.0</controlfield>
<controlfield tag="008">850918m19451959le h     b    000 0dara d</controlfield>
<datafield tag="010" ind1=" " ind2=" ">
<subfield code="a">ne 62000582</subfield>
</datafield>
<datafield tag="035" ind1=" " ind2=" ">
<subfield code="a">(OCoLC)84100694</subfield>
</datafield>
<datafield tag="040" ind1=" " ind2=" ">
<subfield code="a">PU</subfield>
<subfield code="b">eng</subfield>
<subfield code="c">PAU</subfield>
<subfield code="d">OCLCG</subfield>
<subfield code="d">OCLCF</subfield>
<subfield code="d">OCLCO</subfield>
<subfield code="d">OCLCQ</subfield>
<subfield code="d">OCLCO</subfield>
<subfield code="d">NNU</subfield>
</datafield>
<datafield tag="043" ind1=" " ind2=" ">
<subfield code="a">aw-----</subfield>
</datafield>
<datafield tag="050" ind1=" " ind2="4">
<subfield code="a">PJ25</subfield>
<subfield code="b">.A6 1945</subfield>
</datafield>
<datafield tag="100" ind1="1" ind2=" ">
<subfield code="6">880-01</subfield>
<subfield code="a">Ghazzī, Najm al-Dīn Muḥammad ibn Muḥammad,</subfield>
<subfield code="d">1570-1651.</subfield>
</datafield>
<datafield tag="245" ind1="1" ind2="3">
<subfield code="6">880-02</subfield>
<subfield code="a">al-Kawākib al-sāʼirah /</subfield>
<subfield code="c">li-Najm al-īn al-Ghazzī ; ḥaqqaqahu wa-ḍabaṭa naṣṣah Jubrāʼīl Sulaymān Jabbūr.</subfield>
</datafield>
<datafield tag="260" ind1=" " ind2=" ">
<subfield code="6">880-03</subfield>
<subfield code="a">[Beirut] :</subfield>
<subfield code="b">Jāmiʻat Bayrūt al-Amīrikīyah, Kullīyat al-ʻUlūm wa-al-Ādāb,</subfield>
<subfield code="c">[1945-1958]</subfield>
</datafield>
<datafield tag="300" ind1=" " ind2=" ">
<subfield code="a">3 volumes :</subfield>
<subfield code="b">facsimile ;</subfield>
<subfield code="c">24 cm.</subfield>
</datafield>
<datafield tag="336" ind1=" " ind2=" ">
<subfield code="a">text</subfield>
<subfield code="b">txt</subfield>
<subfield code="2">rdacontent</subfield>
</datafield>
<datafield tag="337" ind1=" " ind2=" ">
<subfield code="a">unmediated</subfield>
<subfield code="b">n</subfield>
<subfield code="2">rdamedia</subfield>
</datafield>
<datafield tag="338" ind1=" " ind2=" ">
<subfield code="a">volume</subfield>
<subfield code="b">nc</subfield>
<subfield code="2">rdacarrier</subfield>
</datafield>
<datafield tag="490" ind1="1" ind2=" ">
<subfield code="6">880-04</subfield>
<subfield code="a">American University of Beirut. Publications of the Faculty of Arts and Sciences. oriental series ;</subfield>
<subfield code="v">no. 18, 20, 29</subfield>
</datafield>
<datafield tag="500" ind1=" " ind2=" ">
<subfield code="a">Added t.p.: al-Kawakib al-sāʼirah bi-aʻyān al-miʼah al-ʻāshirah, a biographical dictionary of notable men and women in the Moslem world in the sixteenth Christian century, by Najm-al-Dīn al-Ghazzi.</subfield>
</datafield>
<datafield tag="500" ind1=" " ind2=" ">
<subfield code="a">In Arabic.</subfield>
</datafield>
<datafield tag="504" ind1=" " ind2=" ">
<subfield code="a">Bibliography of the author: v. 1, pages 11-20 of introductory text.</subfield>
</datafield>
<datafield tag="504" ind1=" " ind2=" ">
<subfield code="a">Includes bibliographical references.</subfield>
</datafield>
<datafield tag="651" ind1=" " ind2="0">
<subfield code="a">Middle East</subfield>
<subfield code="v">Biography.</subfield>
</datafield>
<datafield tag="651" ind1=" " ind2="7">
<subfield code="a">Middle East.</subfield>
<subfield code="2">fast</subfield>
<subfield code="0">(OCoLC)fst01241586</subfield>
</datafield>
<datafield tag="655" ind1=" " ind2="7">
<subfield code="a">Biography.</subfield>
<subfield code="2">fast</subfield>
<subfield code="0">(OCoLC)fst01423686</subfield>
</datafield>
<datafield tag="700" ind1="1" ind2=" ">
<subfield code="6">880-05</subfield>
<subfield code="a">Jabbūr, Jibrāʼīl Sulaymān,</subfield>
<subfield code="e">editor.</subfield>
</datafield>
<datafield tag="776" ind1="0" ind2="8">
<subfield code="i">Online version:</subfield>
<subfield code="a">Ghazzī, Najm al-Dīn Muḥammad ibn Muḥammad, 1570-1651.</subfield>
<subfield code="t">Kawākib al-sāʼirah.</subfield>
<subfield code="d">[1945-1959</subfield>
<subfield code="w">(OCoLC)655086149</subfield>
</datafield>
<datafield tag="880" ind1="1" ind2=" ">
<subfield code="6">100-01/</subfield>
<subfield code="a">غزي، نجم الدين محمد بن محمد،</subfield>
<subfield code="d">1570-1651.</subfield>
</datafield>
<datafield tag="880" ind1="1" ind2="2">
<subfield code="6">245-02/</subfield>
<subfield code="a">الكواكب السائرة بأعيان المئة العاشرة /</subfield>
<subfield code="c">لنجم الدين الغزي ؛ حققه وضبط نصه جبرائيل سليمان جبور.</subfield>
</datafield>
<datafield tag="880" ind1=" " ind2=" ">
<subfield code="6">260-03/</subfield>
<subfield code="a">[بيروت] :</subfield>
<subfield code="b">جامعة بيروت الاميركية، كلية العلوم والآداب،</subfield>
<subfield code="c">[1945-1958]</subfield>
</datafield>
<datafield tag="880" ind1="1" ind2=" ">
<subfield code="6">490-04/</subfield>
<subfield code="a">جامعة بيروت الاميركية. منشورات كلية العلوم والآداب. سلسلة العلوم الشرقية ؛</subfield>
<subfield code="v">الحلقة 18, 20, 29</subfield>
</datafield>
<datafield tag="880" ind1="1" ind2=" ">
<subfield code="6">700-05/</subfield>
<subfield code="a">جبور، جبرائيل سليمان.</subfield>
</datafield>
<datafield tag="810" ind1="2" ind2=" ">
<subfield code="a">American University of Beirut.</subfield>
<subfield code="b">Faculty of Arts and Sciences.</subfield>
<subfield code="t">Publications.</subfield>
<subfield code="p">Oriental series ;</subfield>
<subfield code="v">no. 18 etc.</subfield>
</datafield>
<datafield tag="OWN" ind1=" " ind2=" ">
<subfield code="a">GENERAL</subfield>
</datafield>
<datafield tag="AVA" ind1=" " ind2=" ">
<subfield code="a">NYU50</subfield>
<subfield code="b">BOBST</subfield>
<subfield code="c">Main Collection</subfield>
<subfield code="d">PJ25 .A6</subfield>
<subfield code="e">unavailable</subfield>
<subfield code="t">Unavailable</subfield>
<subfield code="f">3</subfield>
<subfield code="g">3</subfield>
<subfield code="h">Y</subfield>
<subfield code="i">27</subfield>
<subfield code="j">MAIN</subfield>
<subfield code="k">0</subfield>
</datafield>
</record>
